@article{axelrod1980effective,
  title={Effective choice in the prisoner's dilemma},
  author={Axelrod, Robert},
  journal={Journal of conflict resolution},
  volume={24},
  number={1},
  pages={3--25},
  year={1980},
  publisher={Sage Publications Sage CA: Los Angeles, CA}
}
@article{nowak2004emergence,
  title={Emergence of cooperation and evolutionary stability in finite populations},
  author={Nowak, Martin A and Sasaki, Akira and Taylor, Christine and Fudenberg, Drew},
  journal={Nature},
  volume={428},
  number={6983},
  pages={646--650},
  year={2004},
  publisher={Nature Publishing Group}
}
@article{binmore1992evolutionary,
  title={Evolutionary stability in repeated games played by finite automata},
  author={Binmore, Kenneth G and Samuelson, Larry},
  journal={Journal of economic theory},
  volume={57},
  number={2},
  pages={278--305},
  year={1992},
  publisher={Elsevier}
}
@article{fundenberg1990evolution,
  title={Evolution and cooperation in noisy repeated games},
  author={Fundenberg, Drew and Maskin, Eric},
  journal={The American Economic Review},
  volume={80},
  number={2},
  pages={274--279},
  year={1990},
  publisher={JSTOR}
}
@article{axelrod1981evolution,
  title={The evolution of cooperation},
  author={Axelrod, Robert and Hamilton, William Donald},
  journal={science},
  volume={211},
  number={4489},
  pages={1390--1396},
  year={1981},
  publisher={American Association for the Advancement of Science}
}
@article{lange2003cooperation,
  title={Cooperation in international environmental negotiations due to a preference for equity},
  author={Lange, Andreas and Vogt, Carsten},
  journal={Journal of public Economics},
  volume={87},
  number={9-10},
  pages={2049--2067},
  year={2003},
  publisher={Elsevier}
}
@misc{arvid2020,
  title={Code For Computing Prisoner's Dilemma Markov Chains},
  author={Lunnemark, Arvid},
  year={2020},
  publisher={GitHub},
  journal={GitHub repository},
  howpublished={\url{https://github.com/arvid220u/prisonersdilemma}}
}